@article{spricigo1999extraction,
  title={Extraction of essential oil and lipids from nutmeg by liquid carbon dioxide},
  author={Spricigo, Cinthia Bittencourt and Pinto, Leonel Teixeira and Bolzan, Ariovaldo and Novais, Adelamar Ferreira},
  journal={The Journal of supercritical fluids},
  volume={15},
  number={3},
  pages={253--259},
  year={1999},
  publisher={Elsevier}
}

@article{alles1959some,
  title={Some relations between chemical structure and physiological action of mescaline and related compounds},
  author={Alles, GORDON A},
  journal={Neuropharmacology. New York: Josiah Macey Jr. Foundation},
  pages={181--268},
  year={1959}
}

@book{malcolmx,
  title={The Autobiography of Malcolm X},
  author={Little, M. and X, M. and Haley, A.},
  year={1981},
  publisher={Ballantine Books}
}

@article{schultes1992plants,
  title={Plants of the gods: their sacred, healing, and hallucinogenic powers.},
  author={Schultes, Richard Evans and Hofmann, Albert},
  year={1992}
}


@book{ratsch2006pagan,
  title={Pagan Christmas: The Plants, Spirits, and Rituals at the Origins of Yuletide},
  author={R{\"a}tsch, C. and M{\"u}ller-Ebeling, C.},
  isbn={9781594776601},
  year={2006},
  publisher={Inner Traditions/Bear}
}

@article{entheogenreview,
  title={Myristica fragrans: an exploration of the narcotic spice},
  author={Nagano, I},
  journal={The Entheogen Review. Vernal},
  year={2008}
}


@article{stein2001nutmeg,
  title={Nutmeg (myristicin) poisoning—report on a fatal case and a series of cases recorded by a poison information centre},
  author={Stein, U and Greyer, H and Hentschel, H},
  journal={Forensic science international},
  volume={118},
  number={1},
  pages={87--90},
  year={2001},
  publisher={Elsevier}
}


@article{Pytte-1998,
doi	= {10.0000/PMID9889604},
title	= {[Nutmeg--more than a spice].},
author	= {Pytte, M; Rygnestad, T},
publisher	= {Norwegian Medical Association},
journal	= {Tidsskrift for Den norske legeforening},
issnp	= {0029-2001},
year	= {1998},
month	= {Nov},
day	= {20},
volume	= {118},
issue	= {28},
page	= {4346--4347},
url =       {http://gen.lib.rus.ec/scimag/index.php?s=10.0000/PMID9889604},
%norsk källa som visar likheter till andra psykoaktive ämnen som mdma tma osv
}

@book{shulgin1995pihkal,
  title={PIHKAL: a chemical love story},
  author={Shulgin, Alexander and Shulgin, Ann},
  year={1995},
  publisher={Transform Press}
}

@article{uppslagsbok1961forlagshuset,
  title={F{\'o}rlagshuset Norden},
  author={Uppslagsbok, Svensk},
  journal={Malmo, 2nd rev. edition (1st ed. 1947-55)},
  year={1961}
  %vad är muskotnöt, namn släkte blah blah
}

@article{truitt,
  title={The pharmacology of myristicin. A contribution to the psychopharmacology of nutmeg.},
  author={Truitt Jr, EB and CALLAWAY 3rd, E and Braude, MC and Krantz Jr, JC},
  journal={Journal of neuropsychiatry},
  volume={2},
  pages={205--210},
  year={1961}
}


@article{jenner1964food,
  title={Food flavourings and compounds of related structure I. Acute oral toxicity},
  author={Jenner, PM and Hagan, EC and Taylor, Jean M and Cook, EL and Fitzhugh, OG},
  journal={Food and Cosmetics Toxicology},
  volume={2},
  pages={327--343},
  year={1964},
  publisher={Elsevier}
  %LD50 för muskotnöt och muskotnötolja
}

@book{kreig1965green,
  title={Green medicine},
  author={Kreig, Margaret B},
  year={1965},
  publisher={JSTOR}
  %myten att muskot får fåglar att svimma
}

@article{kalbhen1971nutmeg,
  title={Nutmeg as a narcotic. A contribution to the chemistry and pharmacology of nutmeg (Myristica fragrans)},
  author={Kalbhen, Dieter Abbo},
  journal={Angewandte Chemie International Edition in English},
  volume={10},
  number={6},
  pages={370--374},
  year={1971},
  publisher={Wiley Online Library}
  %använts i indien o mellanöstern tidigfare
}

@article{weil1967nutmeg,
  title={Nutmeg as a psychoactive drug},
  author={Weil, Andrew T},
  journal={Ethnopharmacologic Search For Psychoactive Drugs. US Government Printing Office},
  volume={1967},
  pages={188--201},
  year={1967}
  %arabiska läkare
}

@article{peretz1955new,
  title={A New Hallucinogen: 3, 4, 5-Trimethoxyphenyl-{\ss}-Aminopropane},
  author={Peretz, Dwight I and Smythies, John R and Gibson, William C},
  journal={The British Journal of Psychiatry},
  volume={101},
  number={423},
  pages={317--329},
  year={1955},
  publisher={RCP}
}


@article{shulgin1967chemistry,
  title={The chemistry and psychopharmacology of nutmeg and of several related phenylisopropylamines},
  author={Shulgin, Alexander T and Sargent, Thornton and Naranjo, Claudia},
  journal={Ethnopharmacologic Search for Psychoactive Drugs},
  pages={202--214},
  year={1967},
  publisher={Government Printing Office Washington, DC}
}

@book{ratsch2005encyclopedia,
  title={The encyclopedia of psychoactive plants: ethnopharmacology and its applications},
  author={R{\"a}tsch, Christian},
  year={2005},
  publisher={Inner Traditions/Bear \& Co}
  %german folk tradition???
}

@book{RudgleyR,
  title={The Encyclopedia of Psychoactive Substances},
  author={R, Rudgley},
  year={1998},
  publisher={Thomas Dunne Books. St. Martin's Griffin}
}

Rudgley R (1998). Thomas Dunne Books. St. Martin’s Griffin.
